<?xml version="1.0" encoding="UTF-8"?><record xmlns="http://www.loc.gov/MARC21/slim" xmlns:cinclude="http://apache.org/cocoon/include/1.0" xmlns:zs="http://www.loc.gov/zing/srw/">
  <leader>00568nz  a2200121n  4500</leader>
  <controlfield tag="001">n 2006070853</controlfield>
  <controlfield tag="003">DLC</controlfield>
  <controlfield tag="005">20060918110932.0</controlfield>
  <controlfield tag="008">060914n| acannaabn          |n aaa      </controlfield>
  <datafield tag="010" ind1=" " ind2=" ">
    <subfield code="a">n 2006070853</subfield>
  </datafield>
  <datafield tag="040" ind1=" " ind2=" ">
    <subfield code="a">DLC</subfield>
    <subfield code="b">eng</subfield>
    <subfield code="c">DLC</subfield>
  </datafield>
  <datafield tag="100" ind1="1" ind2=" ">
    <subfield code="a">Bon, Pascale</subfield>
  </datafield>
  <datafield tag="670" ind1=" " ind2=" ">
    <subfield code="a">La vraie muraille de Chine, ou, Les rêves d'une Française à l'épreuve de la réalité chinoise, c2003:</subfield>
    <subfield code="b">t.p. (Pascale Bon) p. 4 of cover (39 years old; diplômée d'un institut de commerce international et titulaire d'un DESS Marchés financier nationaux et internationaux; lived in China for 8 years)</subfield>
  </datafield>
</record>